
@article{potter_electrochemical_1977,
	title = {An electrochemical investigation of the system copper-sulfur},
	volume = {72},
	issn = {0361-0128},
	url = {http://econgeol.geoscienceworld.org/cgi/doi/10.2113/gsecongeo.72.8.1524},
	doi = {10.2113/gsecongeo.72.8.1524},
	number = {8},
	urldate = {2013-11-30},
	journal = {Economic Geology},
	author = {Potter, R. W.},
	month = dec,
	year = {1977},
	pages = {1524--1542}
},

@article{liu_experimental_2004,
	title = {Experimental investigation and thermodynamic calculation of the phase equilibria in the Cu-Sn and Cu-Sn-Mn systems},
	volume = {35},
	issn = {1073-5623, 1543-1940},
	url = {http://link.springer.com/10.1007/s11661-004-0073-0},
	doi = {10.1007/s11661-004-0073-0},
	number = {6},
	urldate = {2013-11-30},
	journal = {Metallurgical and Materials Transactions A},
	author = {Liu, X. J. and Kainuma, R. and Wang, C. P. and Ohnuma, I. and Ishida, K.},
	month = jun,
	year = {2004},
	pages = {1641--1654}
},

@article{sharma_s-zn_1996,
	title = {The S-Zn (sulfur-zinc) system},
	volume = {17},
	issn = {1054-9714, 1054-9714},
	url = {http://link.springer.com/10.1007/BF02648496},
	doi = {10.1007/BF02648496},
	number = {3},
	urldate = {2013-12-02},
	journal = {Journal of Phase Equilibria},
	author = {Sharma, K. C. and Chang, Y. A.},
	month = jun,
	year = {1996},
	pages = {261--266}
},

@article{jackson_chemical_1985,
	title = {Chemical and thermodynamic constraints on the hydrothermal transport and deposition of tin; {II}, Interpretation of phase relations in the Southeast Asian tin belt},
	volume = {80},
	issn = {0361-0128},
	url = {http://econgeol.geoscienceworld.org/cgi/doi/10.2113/gsecongeo.80.5.1365},
	doi = {10.2113/gsecongeo.80.5.1365},
	number = {5},
	urldate = {2013-11-30},
	journal = {Economic Geology},
	author = {Jackson, K. J. and Helgeson, H. C.},
	month = aug,
	year = {1985},
	pages = {1365--1378}
},

@article{li_thermodynamic_2009,
	title = {Thermodynamic optimization of the {Cu{\textendash}Sn} and {Cu{\textendash}Nb{\textendash}Sn} systems},
	volume = {477},
	issn = {09258388},
	url = {http://linkinghub.elsevier.com/retrieve/pii/S0925838808016149},
	doi = {10.1016/j.jallcom.2008.09.141},
	number = {1-2},
	urldate = {2013-11-30},
	journal = {Journal of Alloys and Compounds},
	author = {Li, Mei and Du, Zhenmin and Guo, Cuiping and Li, Changrong},
	month = may,
	year = {2009},
	pages = {104--117}
},

@book{materials_science_international_team_ternary_2006,
	address = {Berlin},
	title = {Ternary alloy systems phase diagrams, crystallographic and thermodynamic data . Subvolume C, Subvolume C,},
	isbn = {9783540257738  {354025773X}  9783540257769  3540257764  9783540257776  3540257772  9783540484745  3540484744},
	url = {http://www.springerlink.com/content/u57342/},
	language = {English},
	urldate = {2013-11-30},
	publisher = {Springer},
	author = {{Materials Science International Team} and Effenberg, G and Ilenko, S and {{SpringerLink} (Online service)}},
	year = {2006}
},

@misc{center_for_history_and_new_media_zotero_????,
	title = {Zotero Quick Start Guide},
	url = {http://zotero.org/support/quick_start_guide},
	author = {{Center for History and New Media}},
	annote = {Welcome to {Zotero!View} the Quick Start Guide to learn how to begin collecting, managing, citing, and sharing your research {sources.Thanks} for installing Zotero.}
},

@article{green_path_2009,
	title = {The path to 25\% silicon solar cell efficiency: History of silicon cell evolution},
	volume = {17},
	copyright = {Copyright {\textcopyright} 2009 John Wiley \& Sons, Ltd.},
	issn = {1099-{159X}},
	shorttitle = {The path to 25\% silicon solar cell efficiency},
	url = {http://onlinelibrary.wiley.com/doi/10.1002/pip.892/abstract},
	doi = {10.1002/pip.892},
	abstract = {The first silicon solar cell was reported in 1941 and had less than 1\% energy conversion efficiency compared to the 25\% efficiency milestone reported in this paper. Standardisation of past measurements shows there has been a 57\% improvement between confirmed results in 1983 and the present result. The features of the cell structure responsible for the most recent performance increase are described and the history of crystalline and multicrystalline silicon cell efficiency evolution is documented. Copyright {\textcopyright} 2009 John Wiley \& Sons, Ltd.},
	language = {en},
	number = {3},
	urldate = {2014-01-20},
	journal = {Progress in Photovoltaics: Research and Applications},
	author = {Green, Martin A.},
	year = {2009},
	keywords = {efficiency evolution, silicon solar cells},
	pages = {183{\textendash}189},
	file = {Full Text PDF:C:\Users\Josh\AppData\Roaming\Mozilla\Firefox\Profiles\w31q0fma.default\zotero\storage\ZSCJPJ5H\Green - 2009 - The path to 25% silicon solar cell efficiency His.pdf:application/pdf;Snapshot:C:\Users\Josh\AppData\Roaming\Mozilla\Firefox\Profiles\w31q0fma.default\zotero\storage\ZRXHNGI3\abstract.html:text/html}
},

@book{wagman_nbs_1982,
	address = {New York; Washington, {D.C.}},
	title = {The {NBS} tables of chemical thermodynamic properties: selected values for inorganic and C$_{1}$ and C$_{2}$ organic substances in {SI} units},
	isbn = {0883184176 9780883184172},
	shorttitle = {The {NBS} tables of chemical thermodynamic properties},
	language = {English},
	publisher = {American Chemical Society and the American Institute of Physics for the National Bureau of Standards},
	author = {Wagman, Donald D},
	year = {1982}
},

@article{hiroi_voltage_1986,
	title = {Voltage increase of copper compound electrodes resulting from the addition of sulphur for seawater batteries},
	volume = {16},
	issn = {0021-{891X}, 1572-8838},
	url = {http://link.springer.com/10.1007/BF01008854},
	doi = {10.1007/BF01008854},
	number = {3},
	urldate = {2013-11-30},
	journal = {Journal of Applied Electrochemistry},
	author = {Hiroi, M.},
	month = may,
	year = {1986},
	pages = {431--439}
},

@article{chen_intrinsic_2010,
	title = {Intrinsic point defects and complexes in the quaternary kesterite semiconductor Cu\_\{2\}{ZnSnS\_\{4\}}},
	volume = {81},
	issn = {1098-0121, 1550-{235X}},
	url = {http://link.aps.org/doi/10.1103/PhysRevB.81.245204},
	doi = {10.1103/PhysRevB.81.245204},
	number = {24},
	urldate = {2013-11-30},
	journal = {Physical Review B},
	author = {Chen, Shiyou and Yang, Ji-Hui and Gong, X. G. and Walsh, Aron and Wei, Su-Huai},
	month = jun,
	year = {2010}
},

@article{wiedemeier_heat_1980,
	title = {Heat capacity measurements on {Sn2S3} and the thermodynamic functions of the tin sulfides},
	volume = {35},
	issn = {0040-6031},
	url = {http://www.sciencedirect.com/science/article/pii/0040603180871929},
	doi = {10.1016/0040-6031(80)87192-9},
	number = {2},
	journal = {Thermochimica Acta},
	author = {Wiedemeier, Heribert and Csillag, Frank and Gaur, Umesh and Wunderlich, Bernhard},
	month = jan,
	year = {1980},
	pages = {187--196}
},

@book{asm_international_asm_1992,
	address = {Materials Park, Ohio},
	title = {{ASM} handbook. Volume 3, Volume 3,},
	isbn = {0871703815 9780871703811},
	language = {English},
	publisher = {{ASM} International},
	author = {{{ASM} International} and {Handbook Committee} and {{ASM} Alloy Phase Diagram Committee}},
	year = {1992}
},

@book{barin_thermochemical_1977,
	address = {Berlin; New York},
	title = {Thermochemical properties of inorganic substances supplement},
	isbn = {9783662022931  3662022931},
	url = {http://catalog.hathitrust.org/api/volumes/oclc/2681057.html},
	language = {English},
	urldate = {2013-11-30},
	publisher = {Springer-Verlag},
	author = {Barin, Ihsan and Knacke, O and Kubaschewski, O},
	year = {1977}
}