@article{
year={1986},
issn={0021-891X},
journal={Journal of Applied Electrochemistry},
volume={16},
number={3},
doi={10.1007/BF01008854},
title={Voltage increase of copper compound electrodes resulting from the addition of sulphur for seawater batteries},
url={http://dx.doi.org/10.1007/BF01008854},
publisher={Kluwer Academic Publishers},
author={Hiroi, M.},
pages={431-439},
language={English}
}
