@article{
year={2004},
issn={1073-5623},
journal={Metallurgical and Materials Transactions A},
volume={35},
number={6},
doi={10.1007/s11661-004-0073-0},
title={Experimental investigation and thermodynamic calculation of the phase equilibria in the Cu-Sn and Cu-Sn-Mn systems},
url={http://dx.doi.org/10.1007/s11661-004-0073-0},
publisher={Springer-Verlag},
author={Liu, X.J. and Kainuma, R. and Wang, C.P. and Ohnuma, I. and Ishida, K.},
pages={1641-1654},
language={English}
}
