@article{Wiedemeier1980187,
title = "Heat capacity measurements on Sn2S3 and the thermodynamic functions of the tin sulfides ",
journal = "Thermochimica Acta ",
volume = "35",
number = "2",
pages = "187 - 196",
year = "1980",
note = "",
issn = "0040-6031",
doi = "http://dx.doi.org/10.1016/0040-6031(80)87192-9",
url = "http://www.sciencedirect.com/science/article/pii/0040603180871929",
author = "Heribert Wiedemeier and Frank Csillag and Umesh Gaur and Bernhard Wunderlich"
}

