@article{Li2009104,
title = "Thermodynamic optimization of the Cu–Sn and Cu–Nb–Sn systems ",
journal = "Journal of Alloys and Compounds ",
volume = "477",
number = "1–2",
pages = "104 - 117",
year = "2009",
note = "",
issn = "0925-8388",
doi = "http://dx.doi.org/10.1016/j.jallcom.2008.09.141",
url = "http://www.sciencedirect.com/science/article/pii/S0925838808016149",
author = "Mei Li and Zhenmin Du and Cuiping Guo and Changrong Li",
keywords = "Cu–Sn system",
keywords = "Cu–Nb–Sn system",
keywords = "\{CALPHAD\} technique",
keywords = "Thermodynamic properties "
}

